@unpublished{Fotoohinasab2020,
  author = {Atiyeh Fotoohinasab and Toby Hocking and Fatemeh Afghah},
  title = {{A Graph-constrained Changepoint Detection Approach for ECG Segmentation}},
  year = {2020},
  note = {arXiv:2004.13558}
}

@inproceedings{HOCKING-penalties,
  title={Learning sparse penalties for change-point detection using max margin interval regression},
  author={ Rigaill, Guillem and Hocking, Toby and Vert, Jean-Philippe and Bach, Francis},
  booktitle={Proc. 30th ICML},
  pages={172--180},
  year={2013}
}

@Article{Jackson2005,
  author = 	 {B Jackson and JD Scargle and D Barnes and S Arabhi and A Alt and P Gioumousis and E Gwin and P Sangtrakulcharoen and L Tan and TT Tsai},
  title = 	 {An algorithm for optimal partitioning of data on an interval},
  journal = 	 {IEEE Signal Process Lett},
  year = 	 2005,
  volume = 	 12,
  pages = 	 {105--108}}

@Article{segment-neighborhood,
  author = 	 {IE Auger and CE Lawrence},
  title = 	 {Algorithms for the optimal identification of segment neighborhoods},
  journal = 	 {Bull Math Biol},
  year = 	 1989,
  volume = 	 51,
  pages = 	 {39--54}}


@Article{mBIC,
  author = 	 {Nancy R. Zhang and David O. Siegmund},
  title = 	 {{A Modified Bayes Information Criterion with
                  Applications to the Analysis of Comparative Genomic
                  Hybridization Data}},
  journal = 	 {Biometrics},
  year = 	 2007,
  volume = 	 63,
  pages = 	 {22--32}}

@Article{Schwarz78,
  author = 	 {Gideon Schwarz},
  title = 	 {Estimating the Dimension of a Model},
  journal = 	 {Ann. Statist.},
  year = 	 1978,
  volume = 	 6,
  number = 	 2,
  pages = 	 {461--464}}

@Article{Yao88,
  author={Yao, Yi-Ching},
  title={{Estimating the number of change-points via Schwarz' criterion}},
  journal={Statistics \& Probability Letters},
  year=1988,
  volume={6},
  number={3},
  pages={181-189},
  month={February},
  keywords={},
  abstract={},
}

@CONFERENCE{Akaike73,
  author =       {Akaike,H.},
  title =        {Information theory as an extension of the maximum
likelihood principle},
  booktitle =    {Second International Symposium on Information Theory},
  year =         {1973},
  editor =       {B.N. Petrov and F. Csaki},
  pages  =       {267--281},
  organization = {Akademiai Kiado, Budapest},
  }



@unpublished{Hocking2018,
author = {TD Hocking and G Rigaill and P Fearnhead and G Bourque},
title = {{Generalized Functional Pruning Optimal Partitioning (GFPOP) for Constrained Changepoint Detection in Genomic Data}},
year = 2018,
note = {arXiv:1810.00117}
}

@Article{Hocking2014,
  author = 	 {Hocking, TD and Boeva, V and Rigaill, G and Schleiermacher, G and Janoueix-Lerosey, I and Delattre, O and Richer, W and Bourdeaut, F and Suguro, M and Seto, M and Bach, F and Vert, JP},
  title = 	 {{SegAnnDB: interactive Web-based genomic segmentation}},
  journal = 	 {Bioinformatics},
  year = 	 2014,
  volume = 	 30,
  number = 	 11,
  pages = 	 {1539--46}}
  


  @Manual{Ford2020,
    title = {{CpVis: Interactive Visualization for Change Point Exploration and Labeling}},
    author = {Oliver Ford},
    year = 2020,
    url = {https://github.com/OllieFord/ChangepointVis},
    note = {R package version 0.0.0.9000}
  }
  
@article{gudrun-jclinicaloncology,
author = {Schleiermacher, Gudrun and Janoueix-Lerosey, Isabelle and
                  Ribeiro, Agnes and Klijanienko, Jerzy and Couturier,
                  Jerome and Pierron, Gaelle and Mosseri, Veronique
                  and Valent, Alexander and Auger, Nathalie and
                  Plantaz, Dominique and Rubie, Herve and
                  Valteau-Couanet, Dominique and Bourdeaut, Franck and
                  Combaret, Valerie and Bergeron, Christophe and
                  Michon, Jean and Delattre, Olivier},
title = {Accumulation of Segmental Alterations Determines Progression in Neuroblastoma},
journal = {Journal of Clinical Oncology},
volume = {28},
number = {19},
pages = {3122-3130},
doi = {10.1200/JCO.2009.26.7955},
year = {2010}
}

@article{HOCKING2016-chipseq,
    author = {Hocking, Toby Dylan and Goerner-Potvin, Patricia and Morin, Andreanne and Shao, Xiaojian and Pastinen, Tomi and Bourque, Guillaume},
    title = "{Optimizing ChIP-seq peak detectors using visual labels and supervised machine learning}",
    journal = {Bioinformatics},
    volume = {33},
    number = {4},
    pages = {491-499},
    year = {2016},
    month = {11},
    issn = {1367-4803},
}


@article{pelt,
	title = {Optimal detection of changepoints with a linear computational cost},
	journal = {Journal of the American Statistical Association},
	author = {Killick, R. and Fearnhead, P. and Eckley, I. A.},
	year = 2012,
	volume=107,
	number=500,
	pages= {1590--1598}
}

@unpublished{Hocking2017,
author = {Toby Dylan Hocking and Guillem Rigaill and Paul Fearnhead and Guillaume Bourque},
title = {{A log-linear time algorithm for constrained changepoint detection}},
year = 2017,
note = {arXiv:1703.03352}
}

@Article{Maidstone2016,
author="Maidstone, Robert
and Hocking, Toby
and Rigaill, Guillem
and Fearnhead, Paul",
title="On optimal multiple changepoint algorithms for large data",
journal="Statistics and Computing",
year="2016",
pages="1--15",
issn="1573-1375"
}
